<?xml version="1.0" encoding="UTF-8"?><collection xmlns="http://www.loc.gov/MARC21/slim"><record><leader>00426nam--2200169-i-4500</leader><controlfield tag="001">000018180</controlfield><controlfield tag="002">20161230</controlfield><controlfield tag="005">20161230201032</controlfield><controlfield tag="008">060222s1000------------r-----000-0-ger-d</controlfield><datafield ind1=" " ind2=" " tag="040"><subfield code="a">IFIN-HH</subfield></datafield><datafield ind1=" " ind2=" " tag="041"><subfield code="a">ger</subfield></datafield><datafield ind1="1" ind2=" " tag="100"><subfield code="a">Eck, Bruno</subfield></datafield><datafield ind1="1" ind2="0" tag="245"><subfield code="a">Technische stromungslehre</subfield><subfield code="b">Funfte auflage</subfield><subfield code="c">Bruno eck</subfield></datafield><datafield ind1=" " ind2=" " tag="260"><subfield code="a">Berlin, Springer-verlag, 1958</subfield></datafield><datafield ind1=" " ind2=" " tag="300"><subfield code="a">X + 422 P</subfield></datafield><datafield ind1=" " ind2=" " tag="852"><subfield code="a">13429</subfield><subfield code="c">532</subfield></datafield><datafield ind1=" " ind2=" " tag="CAT"><subfield code="a">Sys</subfield><subfield code="c">20100713</subfield><subfield code="h">092824</subfield></datafield></record></collection>